% ---------------------------------------------------------------
% Beispiel-Angaben
@ARTICLE{exmpl:buch,
  author       = {Quinque, Venio Piero},
  title        = {TU9 CIOs Campus Management Software Zusammenarbeit},
  publisher		 = {TU9 German Institutes of Technology},
  year         = {2008},
  journal      = {TU9 Jahresbericht 2007},
  pages        = {11},
  number       = {1},
}
@BOOK{exmpl:buch2,
  author       = {Zender, Raphael},
  title        = {Service-basierte Infrastruktur für pervasive Lehr- und Lernarrangements},
  publisher		 = {},
  year         = {2010},
}
% ---------------------------------------------------------------
