%******************************************************
%*    LaTex-Vorlage für wissenschaftliche Arbeiten    *
%*    --------------------------------------------    *
%*      Autor: Jan Brennenstuhl (@jbspeakr)           *
%*             www.funkblocka.de                      *
%*            Lizenz: CC BY-SA 3.0                    *
%******************************************************
% Beispiel-Angaben
@BOOKLET{exmpl:web,
    author = "Kuper, Silvia and Göcks, Marc",
    editor = "Multimedia Kontor Hamburg",
    title = "Campus-Management-Systeme Einführen",
    howpublished = "Der Artikel erschien in Wissenschaftsmanagement 3.",  
    month = " Mai",
    year = "2007",
    url = "http://mmkh.de/files/Artikel\_CMS\%20erfolgreich\%20einfuehren\_Kuper\_Goecks\_MMKH.pdf",
    lastchecked = "02.\,Januar 2012",
}
% ---------------------------------------------------------------
